<?xml version="1.0" encoding="UTF-8"?><collection><record><leader>02357ntm a2200349 a 4500</leader><controlfield tag="001">002641738</controlfield><controlfield tag="003">MiAaHDL</controlfield><controlfield tag="005">20190719000000.0</controlfield><controlfield tag="006">m        d        </controlfield><controlfield tag="007">cr bn ---auaua</controlfield><controlfield tag="008">930712i15671568xx            00||  ara d</controlfield><datafield tag="035" ind1=" " ind2=" "><subfield code="a">(MiU)002641738</subfield></datafield><datafield tag="035" ind1=" " ind2=" "><subfield code="a">sdr-miu002641738</subfield></datafield><datafield tag="035" ind1=" " ind2=" "><subfield code="a">(OCoLC)34366810</subfield></datafield><datafield tag="035" ind1=" " ind2=" "><subfield code="a">(RLIN)MIUH93-A208</subfield></datafield><datafield tag="040" ind1=" " ind2=" "><subfield code="a">MiU</subfield><subfield code="c">MiU</subfield><subfield code="e">appm</subfield></datafield><datafield tag="245" ind1="0" ind2="0"><subfield code="6">880-01</subfield><subfield code="a">Bukhārī-yi sharīf :</subfield><subfield code="k">manuscript,</subfield><subfield code="f">[between 1567 and 1568].</subfield></datafield><datafield tag="300" ind1=" " ind2=" "><subfield code="a">1</subfield><subfield code="f">v. ([1189] p.) ;</subfield><subfield code="c">34 cm.</subfield></datafield><datafield tag="500" ind1=" " ind2=" "><subfield code="a">Title from spine.</subfield></datafield><datafield tag="500" ind1=" " ind2=" "><subfield code="a">Text rubricated and enclosed in borders of gold, blue, and red; extensive marginal commentary throughout; illumination on pp. [1-2]; substantial damage to pages with some repairs; purple silk bookmark; unusual leather and velvet binding (late 19th- early 20th cent.?); marbled edges.</subfield></datafield><datafield tag="500" ind1=" " ind2=" "><subfield code="a">Muḥammad ibn Ibrāhīm ibn Ḥusayn....</subfield></datafield><datafield tag="500" ind1=" " ind2=" "><subfield code="a">Dates of copying and copyist's name in colophon: (Arabic and Persian) tamma ... min yad ʻabd al-ḍaʻīf ... Shāh Muḥammad ibn Ibrāhīm ibn Ḥusayn Zīrbāʾī ... rūz-i jumʻah māh-i Shawwāl vaqt-i ẓuhr sanat khams fa-sabʻīn fa-tisʻumiʾah [i.e. March-April 1568] ... [in margin] nuqilat min nuskhah nuqilat min nuskhat walad al-muʾallif ... wa-kāna naskh al-kitāb ... fī yawm al-aḥad wa-al-sābiʻ min Jumād al-awwal sanat khams wa-sabʻīn wa-tisʻumiʾah [i.e. 9 November 1567] ʻalá yad afqar Shāh</subfield></datafield><datafield tag="500" ind1=" " ind2=" "><subfield code="a">For the Ṣaḥīḥ itself, see Mich. Isl. Ms. 183.</subfield></datafield><datafield tag="520" ind1=" " ind2=" "><subfield code="a">Commentary by an unidentified author on the Ṣaḥīḥ of al-Bukhārī, a collection of traditions of the prophet Muḥammad.</subfield></datafield><datafield tag="538" ind1=" " ind2=" "><subfield code="a">Mode of access: Internet.</subfield></datafield><datafield tag="541" ind1=" " ind2=" "><subfield code="d">1924</subfield><subfield code="3">Manuscript</subfield><subfield code="a">Anonymous</subfield><subfield code="c">Purchase, 1924</subfield><subfield code="h">$50.00</subfield></datafield><datafield tag="561" ind1=" " ind2=" "><subfield code="a">Purchased in Cairo, 1924. Once part of the personal manuscript collection of Sultan Abdülhamid II of Turkey.</subfield></datafield><datafield tag="600" ind1="1" ind2="0"><subfield code="6">880-02</subfield><subfield code="a">Bukhārī, Muḥammad ibn Ismāʻīl,</subfield><subfield code="d">810-870.</subfield><subfield code="t">Jāmiʻ al-ṣaḥīḥ.</subfield></datafield><datafield tag="650" ind1=" " ind2="0"><subfield code="a">Manuscripts, Arabic</subfield><subfield code="z">Michigan</subfield><subfield code="z">Ann Arbor.</subfield></datafield><datafield tag="700" ind1="0" ind2=" "><subfield code="a">Abdülhamid</subfield><subfield code="b">II,</subfield><subfield code="c">Sultan of the Turks,</subfield><subfield code="d">1842-1918,</subfield><subfield code="e">former owner.</subfield></datafield><datafield tag="773" ind1="0" ind2=" "><subfield code="7">unbc</subfield><subfield code="a">Abdul Hamid Collection.</subfield><subfield code="w">(CStRLIN)MIUH92-A187.</subfield></datafield><datafield tag="880" ind1="0" ind2="0"><subfield code="6">600-02/</subfield><subfield code="a">محمد بن اسماعيل البخاري.</subfield><subfield code="t">جامع الصحيح.</subfield></datafield><datafield tag="880" ind1="0" ind2="0"><subfield code="6">245-01/</subfield><subfield code="a">بخاري شريف :</subfield><subfield code="k">manuscript،</subfield><subfield code="f">[between 1567 and 1568].</subfield></datafield><datafield tag="CID" ind1=" " ind2=" "><subfield code="a">002641738</subfield></datafield><datafield tag="DAT" ind1="0" ind2=" "><subfield code="a">20190719102633.0</subfield><subfield code="b">20190719000000.0</subfield></datafield><datafield tag="DAT" ind1="1" ind2=" "><subfield code="a">20190719090653.0</subfield><subfield code="b">2019-07-19T16:10:47Z</subfield></datafield><datafield tag="DAT" ind1="2" ind2=" "><subfield code="a">2015-10-02T18:00:03Z</subfield></datafield><datafield tag="CAT" ind1=" " ind2=" "><subfield code="a">SDR-MIU</subfield><subfield code="d">EX LIBRIS - ALEPH</subfield><subfield code="l">prepare.pl-004-008</subfield></datafield><datafield tag="FMT" ind1=" " ind2=" "><subfield code="a">BK</subfield></datafield><datafield tag="HOL" ind1=" " ind2=" "><subfield code="0">sdr-miu002641738</subfield><subfield code="a">MiU</subfield><subfield code="b">SDR</subfield><subfield code="c">MIU</subfield><subfield code="p">mdp.39015081446166</subfield><subfield code="s">MIU</subfield><subfield code="1">002641738</subfield></datafield><datafield tag="974" ind1=" " ind2=" "><subfield code="b">MIU</subfield><subfield code="c">MIU</subfield><subfield code="d">20190719</subfield><subfield code="s">lit-dlps-dc</subfield><subfield code="u">mdp.39015081446166</subfield><subfield code="y">1568</subfield><subfield code="r">pd</subfield><subfield code="q">bib</subfield><subfield code="t">non-US bib date2 &lt; 1879</subfield></datafield></record></collection>